@article{sola2018micro,
  title={A micro Lie theory for state estimation in robotics},
  author={Sola, Joan and Deray, Jeremie and Atchuthan, Dinesh},
  journal={arXiv preprint arXiv:1812.01537},
  year={2018}
}